<record><leader>00000cas a22000007a 4500</leader><controlfield tag="001">13261147</controlfield><controlfield tag="008">860307d18961901wvuwr ne      0    0eng d</controlfield><datafield ind1=" " ind2=" " tag="010"><subfield code="a">sn 86092348 </subfield></datafield><datafield ind1=" " ind2=" " tag="040"><subfield code="a">WVC</subfield><subfield code="b">eng</subfield><subfield code="c">WVC</subfield><subfield code="d">OCL</subfield><subfield code="d">OCLCQ</subfield></datafield><datafield ind1=" " ind2=" " tag="042"><subfield code="a">msc</subfield></datafield><datafield ind1="0" ind2="0" tag="245"><subfield code="a">Parsons city advocate.</subfield></datafield><datafield ind1=" " ind2=" " tag="260"><subfield code="a">Parsons, W. Va. :</subfield><subfield code="b">William Gustavus Conley,</subfield><subfield code="c">-1901.</subfield></datafield><datafield ind1=" " ind2=" " tag="300"><subfield code="a">v.</subfield></datafield><datafield ind1=" " ind2=" " tag="310"><subfield code="a">Weekly</subfield></datafield><datafield ind1="1" ind2=" " tag="362"><subfield code="a">Began Nov. 27, 1896.</subfield><subfield code="z">Cf. Fansler, H.F. Hist. of Tucker Co.</subfield></datafield><datafield ind1="0" ind2=" " tag="362"><subfield code="a">-v. 5, no. 17 (Feb. 28, 1901).</subfield></datafield><datafield ind1=" " ind2=" " tag="500"><subfield code="a">"Republican."</subfield></datafield><datafield ind1=" " ind2=" " tag="588"><subfield code="a">Description based on: Vol. 1, no. 2 (Dec. 4, 1896).</subfield></datafield><datafield ind1=" " ind2=" " tag="752"><subfield code="a">United States</subfield><subfield code="b">West Virginia</subfield><subfield code="c">Tucker</subfield><subfield code="d">Parsons.</subfield></datafield><datafield ind1="0" ind2="0" tag="785"><subfield code="t">Parsons advocate</subfield><subfield code="w">(DLC)sn 84008412</subfield></datafield><datafield ind1="1" ind2=" " tag="029"><subfield code="a">AU@</subfield><subfield code="b">000023451140</subfield></datafield></record>